@book{lukes2009genetic,
  title     = {Essentials of Metaheuristics},
  author    = {Luke, Sean},
  year      = {2009},
  publisher = {Lulu},
  url       = {https://cs.gmu.edu/~sean/book/metaheuristics/}
}

@article{downing1995reinforced,
  title   = {Reinforced Genetic Programming},
  author  = {Downing, Harley L.},
  journal = {Genetic Algorithms: Proceedings of the Sixth International Conference (ICGA95)},
  year    = {1995},
  pages   = {276--283}
}

@article{brameier2001comparison,
  title     = {A Comparison of Linear Genetic Programming and Neural Networks in Medical Data Mining},
  author    = {Brameier, Markus and Banzhaf, Wolfgang},
  journal   = {IEEE Transactions on Evolutionary Computation},
  volume    = {5},
  number    = {1},
  pages     = {17--26},
  year      = {2001},
  publisher = {IEEE},
  doi       = {0.1109/4235.910464}
}

@book{sutton2018reinforcement,
  title     = {Reinforcement Learning: An Introduction},
  author    = {Sutton, Richard S and Barto, Andrew G},
  year      = {2018},
  edition   = {2},
  publisher = {MIT Press}
}

@misc{1606.01540,
  author = {Greg Brockman and Vicki Cheung and Ludwig Pettersson and Jonas Schneider and John Schulman and Jie Tang and Wojciech Zaremba},
  title  = {OpenAI Gym},
  year   = {2016},
  eprint = {arXiv:1606.01540}
}

@misc{akiba2019optuna,
  title         = {Optuna: A Next-generation Hyperparameter Optimization Framework},
  author        = {Takuya Akiba and Shotaro Sano and Toshihiko Yanase and Takeru Ohta and Masanori Koyama},
  year          = {2019},
  eprint        = {1907.10902},
  archiveprefix = {arXiv},
  primaryclass  = {cs.LG}
}

@book{poli08,
  author    = {Riccardo Poli and
               William B. Langdon and
               Nicholas Freitag McPhee},
  title     = {A Field Guide to Genetic Programming},
  publisher = {lulu.com},
  year      = {2008},
  url       = {http://www.gp-field-guide.org.uk/}
}

@inproceedings{song03,
  author    = {Dong Song and
               Malcolm I. Heywood and
               A. Nur Zincir{-}Heywood},
  title     = {A Linear Genetic Programming Approach to Intrusion Detection},
  booktitle = {Genetic and Evolutionary Computation - {GECCO} 2003, Genetic and Evolutionary
               Computation Conference, Chicago, IL, USA, July 12-16, 2003. Proceedings,
               Part {II}},
  series    = {Lecture Notes in Computer Science},
  volume    = {2724},
  pages     = {2325--2336},
  publisher = {Springer},
  year      = {2003}
}

@inproceedings{amaral22,
  author    = {Ryan Amaral and
               Alexandru Ianta and
               Caleidgh Bayer and
               Robert J. Smith and
               Malcolm I. Heywood},
  title     = {Benchmarking genetic programming in a multi-action reinforcement learning
               locomotion task},
  booktitle = {Genetic and Evolutionary Computation Conference (Companion)},
  pages     = {522--525},
  publisher = {{ACM}},
  year      = {2022}
}

@inproceedings{peeler22,
  author    = {Hannah Peeler and
               Shuyue Stella Li and
               Andrew N. Sloss and
               Kenneth N. Reid and
               Yuan Yuan and
               Wolfgang Banzhaf},
  title     = {Optimizing {LLVM} pass sequences with shackleton: a linear genetic
               programming framework},
  booktitle = {Genetic and Evolutionary Computation Conference (Companion)},
  pages     = {578--581},
  publisher = {{ACM}},
  year      = {2022}
}

@book{koza93,
  author    = {John R. Koza},
  title     = {Genetic programming - on the programming of computers by means of
               natural selection},
  series    = {Complex adaptive systems},
  publisher = {{MIT} Press},
  year      = {1993},
  isbn      = {978-0-262-11170-6}
}